@book{merquior,
  Author = {José Guilherme Merquior},
  Title = {Michel Foucault: ou o Niilismo de Cátedra},
  Translator = {Dondaldson M. Garschagen}, 
  Publisher = {Nova Fronteira},
  Location = {São Paulo}, 
  Year = {1985}
}

@book{foucault,
	Author = {Michel Foucault}, 
	Publisher = {Vozes}, 
	Title = {Vigiar e Punir: a História do Nascimento das Prisões}, 
	Translator = {Raquel Ramalhete}, 
	Location = {São Paulo}, 
	Year = {1996}
}

@book{lebrun,
	Author = {Gerard Lebrun},
	Title = {O que é Poder},
	Publisher = {Brasiliense},
	Year = {1984}, 
	Location = {São Paulo}, 
	Translator = {Renato Janine Ribeiro/Lara Silva Ribeiro}
}

@book{hs,
	Author = {Michel Foucault}, 
	Publisher = {Graal}, 
	Title = {A História da Sexualidade}, 
	Translator = {Maria Thereza de Costa Albuquerque e J. A. Guilhon Albuquerque}, 
	Location = {Rio de Janeiro}, 
	Year = {1988}
}



